<record><leader>00000cas a22000007a 4500</leader><controlfield tag="001">10344773</controlfield><controlfield tag="008">840127d18871889njuwr ne      0    0eng d</controlfield><datafield ind1=" " ind2=" " tag="010"><subfield code="a">sn 84026212 </subfield></datafield><datafield ind1=" " ind2=" " tag="040"><subfield code="a">NPU</subfield><subfield code="b">eng</subfield><subfield code="c">NPU</subfield><subfield code="d">OCLCQ</subfield></datafield><datafield ind1=" " ind2=" " tag="042"><subfield code="a">msc</subfield></datafield><datafield ind1="0" ind2=" " tag="130"><subfield code="a">General advertiser (Passaic, N.J.)</subfield></datafield><datafield ind1="1" ind2="0" tag="245"><subfield code="a">General advertiser.</subfield></datafield><datafield ind1=" " ind2=" " tag="260"><subfield code="a">Passaic, N.J. :</subfield><subfield code="b">F. Morris &amp; Co.</subfield></datafield><datafield ind1=" " ind2=" " tag="300"><subfield code="a">v. ;</subfield><subfield code="c">67 cm.</subfield></datafield><datafield ind1=" " ind2=" " tag="310"><subfield code="a">Weekly</subfield></datafield><datafield ind1="1" ind2=" " tag="362"><subfield code="a">Began Dec. 1, 1887; ceased in Sept. 1889.</subfield><subfield code="z">Cf. Direct. of N.J. newspapers, 1765-1970 / Wright &amp; Stellhorn.</subfield></datafield><datafield ind1=" " ind2=" " tag="580"><subfield code="a">Continued by: Passaic advertiser. Cf. Direct. of N.J. newspapers, 1765-1970 / Wright &amp; Stellhorn.</subfield></datafield><datafield ind1=" " ind2=" " tag="580"><subfield code="a">Published local editions: Athenia news (non-extant); Clifton independent (non-extant); Little Falls gazette (non-extant); Nutley eagle (non-extant). Cf. Direct. of N.J. newspapers.</subfield></datafield><datafield ind1=" " ind2=" " tag="588"><subfield code="a">Description based on: Vol. 2, no. 17 (Aug. 4, 1888).</subfield></datafield><datafield ind1=" " ind2=" " tag="752"><subfield code="a">United States</subfield><subfield code="b">New Jersey</subfield><subfield code="c">Passaic</subfield><subfield code="d">Passaic.</subfield></datafield><datafield ind1="1" ind2=" " tag="775"><subfield code="t">Athenia news</subfield></datafield><datafield ind1="1" ind2=" " tag="775"><subfield code="t">Clifton independent</subfield></datafield><datafield ind1="1" ind2=" " tag="775"><subfield code="t">Little Falls gazette</subfield></datafield><datafield ind1="1" ind2=" " tag="775"><subfield code="t">Nutley eagle</subfield></datafield><datafield ind1="1" ind2="0" tag="785"><subfield code="t">Passaic advertiser</subfield></datafield><datafield ind1="1" ind2=" " tag="029"><subfield code="a">AU@</subfield><subfield code="b">000025840980</subfield></datafield></record>